<record><leader>00000cas a22000007a 4500</leader><controlfield tag="001">10252507</controlfield><controlfield tag="008">831228d18431846mauwr ne      0    0eng d</controlfield><datafield ind1=" " ind2=" " tag="010"><subfield code="a">sn 83021509 </subfield></datafield><datafield ind1=" " ind2=" " tag="040"><subfield code="a">NPX</subfield><subfield code="b">eng</subfield><subfield code="c">NPX</subfield><subfield code="d">DLC</subfield><subfield code="d">MGN</subfield><subfield code="d">OCLCG</subfield><subfield code="d">DLC</subfield><subfield code="d">OCLCQ</subfield><subfield code="d">OCLCF</subfield><subfield code="d">OCLCO</subfield><subfield code="d">OCLCA</subfield><subfield code="d">AQM</subfield><subfield code="d">OCLCO</subfield></datafield><datafield ind1=" " ind2=" " tag="019"><subfield code="a">959511605</subfield></datafield><datafield ind1="1" ind2=" " tag="029"><subfield code="a">AU@</subfield><subfield code="b">000025804032</subfield></datafield><datafield ind1=" " ind2=" " tag="042"><subfield code="a">msc</subfield></datafield><datafield ind1=" " ind2=" " tag="043"><subfield code="a">n-us-ma</subfield></datafield><datafield ind1="0" ind2="0" tag="050"><subfield code="a">Newspaper</subfield></datafield><datafield ind1="0" ind2="0" tag="245"><subfield code="a">Weekly Bay State Democrat.</subfield></datafield><datafield ind1="1" ind2="3" tag="246"><subfield code="a">Bay State Democrat</subfield></datafield><datafield ind1=" " ind2=" " tag="260"><subfield code="a">Boston [Mass.] :</subfield><subfield code="b">Wright &amp; Ballou</subfield></datafield><datafield ind1=" " ind2=" " tag="300"><subfield code="a">v. ;</subfield><subfield code="c">62 cm.</subfield></datafield><datafield ind1=" " ind2=" " tag="310"><subfield code="a">Weekly</subfield></datafield><datafield ind1="1" ind2=" " tag="362"><subfield code="a">Began in 1843; ceased in 1846?</subfield></datafield><datafield ind1=" " ind2=" " tag="500"><subfield code="a">Publishers: E.S. Johnson, 1844; L. Josselyn, 1844; George Roberts, &lt;1845&gt;; Roberts and Beach, &lt;1846&gt;.</subfield></datafield><datafield ind1=" " ind2=" " tag="500"><subfield code="a">Editors: I.H. Wright &amp; M.M. Ballou, 1844; L. Josselyn, 1844.</subfield></datafield><datafield ind1=" " ind2=" " tag="500"><subfield code="a">Democratic.</subfield></datafield><datafield ind1=" " ind2=" " tag="588"><subfield code="a">Description based on: Vol. 5, no. 33 (Aug. 18, 1843) = whole no. 252.</subfield></datafield><datafield ind1=" " ind2="0" tag="651"><subfield code="a">Boston (Mass.)</subfield><subfield code="v">Newspapers.</subfield></datafield><datafield ind1=" " ind2="7" tag="655"><subfield code="a">Newspapers.</subfield><subfield code="2">fast</subfield><subfield code="0">(OCoLC)fst01423814</subfield></datafield><datafield ind1=" " ind2="7" tag="651"><subfield code="a">Massachusetts</subfield><subfield code="z">Boston.</subfield><subfield code="2">fast</subfield><subfield code="0">(OCoLC)fst01205012</subfield></datafield><datafield ind1=" " ind2="7" tag="655"><subfield code="a">Newspapers.</subfield><subfield code="2">rbgenr</subfield></datafield><datafield ind1="1" ind2=" " tag="700"><subfield code="a">Wright, Isaac H.</subfield></datafield><datafield ind1="1" ind2=" " tag="700"><subfield code="a">Ballou, Maturin M.</subfield><subfield code="q">(Maturin Murray),</subfield><subfield code="d">1820-1895.</subfield></datafield><datafield ind1="1" ind2=" " tag="700"><subfield code="a">Josselyn, Lewis,</subfield><subfield code="d">1805-1889.</subfield></datafield><datafield ind1=" " ind2=" " tag="752"><subfield code="a">United States</subfield><subfield code="b">Massachusetts</subfield><subfield code="c">Suffolk</subfield><subfield code="d">Boston.</subfield></datafield><datafield ind1="0" ind2=" " tag="775"><subfield code="t">Bay State Democrat (Boston, Mass. : Daily)</subfield><subfield code="w">(DLC)sn 83021511</subfield><subfield code="w">(OCoLC)10252718</subfield></datafield><datafield ind1="0" ind2=" " tag="775"><subfield code="t">Bay State Democrat (Boston, Mass. : Semiweekly)</subfield><subfield code="w">(DLC)sn 83021510</subfield><subfield code="w">(OCoLC)10252588</subfield></datafield><datafield ind1="0" ind2="0" tag="780"><subfield code="t">Bay State Democrat (Boston, Mass. : 1839)</subfield><subfield code="w">(DLC)sn 83021508</subfield><subfield code="w">(OCoLC)10252399</subfield></datafield></record>